<record><leader>00000cas a2200000Ma 4500</leader><controlfield tag="001">10991944</controlfield><controlfield tag="008">840727d1841185umauwr ne      0   a0eng d</controlfield><datafield ind1=" " ind2=" " tag="010"><subfield code="a">sn 84023767 </subfield></datafield><datafield ind1=" " ind2=" " tag="040"><subfield code="a">AQM</subfield><subfield code="b">eng</subfield><subfield code="c">AQM</subfield><subfield code="d">KRTAS</subfield><subfield code="d">OCLCQ</subfield><subfield code="d">UBY</subfield><subfield code="d">WIH</subfield></datafield><datafield ind1="0" ind2=" " tag="130"><subfield code="a">Uncle Sam (Boston, Mass. : 1841)</subfield></datafield><datafield ind1="1" ind2="0" tag="245"><subfield code="a">Uncle Sam.</subfield></datafield><datafield ind1=" " ind2=" " tag="260"><subfield code="a">Boston [Mass.] :</subfield><subfield code="b">Williams, Hartigan &amp; Co.</subfield></datafield><datafield ind1=" " ind2=" " tag="300"><subfield code="a">v. :</subfield><subfield code="b">ill. (chiefly advertisements) ;</subfield><subfield code="c">58 cm.</subfield></datafield><datafield ind1=" " ind2=" " tag="310"><subfield code="a">Weekly</subfield></datafield><datafield ind1="1" ind2=" " tag="362"><subfield code="a">Began in Nov. 1841.</subfield></datafield><datafield ind1=" " ind2=" " tag="500"><subfield code="a">Publishers: Edward P. Williams, 1842; George H. Williams, 1842-&lt;1850&gt;.</subfield></datafield><datafield ind1=" " ind2=" " tag="500"><subfield code="a">Editors: H.L. Williams, 1842-1843; G.H. Williams, 1844-&lt;1850&gt;.</subfield></datafield><datafield ind1=" " ind2=" " tag="580"><subfield code="a">Sometime between Mar. 1850 and June 1852 the paper ceases the printing of general news and becomes a literary periodical of the same name.</subfield></datafield><datafield ind1=" " ind2=" " tag="588"><subfield code="a">Description based on: Vol. 1, no. 10 (Nov. 27, 1841).</subfield></datafield><datafield ind1=" " ind2="0" tag="651"><subfield code="a">Boston (Mass.)</subfield><subfield code="v">Newspapers.</subfield></datafield><datafield ind1=" " ind2="7" tag="655"><subfield code="a">Newspapers.</subfield><subfield code="2">rbgenr</subfield></datafield><datafield ind1=" " ind2="4" tag="655"><subfield code="a">Story periodicals.</subfield></datafield><datafield ind1="1" ind2=" " tag="700"><subfield code="a">Williams, Henry L.</subfield></datafield><datafield ind1="1" ind2=" " tag="700"><subfield code="a">Williams, George H.</subfield></datafield><datafield ind1=" " ind2=" " tag="752"><subfield code="a">United States</subfield><subfield code="b">Massachusetts</subfield><subfield code="c">Suffolk</subfield><subfield code="d">Boston.</subfield></datafield><datafield ind1="0" ind2="0" tag="780"><subfield code="t">Sunday morning chronicle (Boston, Mass.)</subfield><subfield code="w">(DLC)sn 84023751</subfield></datafield><datafield ind1="0" ind2="0" tag="785"><subfield code="t">Uncle Sam (Boston, Mass.)</subfield></datafield><datafield ind1=" " ind2=" " tag="938"><subfield code="a">Kirtas Technologies, Inc.</subfield><subfield code="b">KRTS</subfield><subfield code="n">738662</subfield></datafield><datafield ind1="1" ind2=" " tag="029"><subfield code="a">AU@</subfield><subfield code="b">000025827804</subfield></datafield></record>